<?xml version="1.0" encoding="UTF-8"?><collection xmlns="http://www.loc.gov/MARC21/slim"><record><leader>00518nam--2200169-i-4500</leader><controlfield tag="001">000024544</controlfield><controlfield tag="002">20161230</controlfield><controlfield tag="005">20161230201035</controlfield><controlfield tag="008">060222s1000------------r-----000-0-eng-d</controlfield><datafield ind1=" " ind2=" " tag="040"><subfield code="a">IFIN-HH</subfield></datafield><datafield ind1=" " ind2=" " tag="080"><subfield code="a">533.9:621.375.826</subfield></datafield><datafield ind1="1" ind2=" " tag="100"><subfield code="a">Jellison, Gerard Paul</subfield></datafield><datafield ind1="1" ind2="0" tag="245"><subfield code="a">An experimental study of magnetized laser - produced plasmas</subfield><subfield code="c">Gerard paul jellison</subfield></datafield><datafield ind1=" " ind2=" " tag="260"><subfield code="a">Ann Arbor, Michigan, Universisty Microfilms International, 1985,</subfield></datafield><datafield ind1=" " ind2=" " tag="300"><subfield code="a">VII + 87P</subfield></datafield><datafield ind1=" " ind2=" " tag="852"><subfield code="a">73185</subfield><subfield code="c">533.9</subfield></datafield><datafield ind1=" " ind2=" " tag="CAT"><subfield code="a">Sys</subfield><subfield code="c">20101001</subfield><subfield code="h">160627</subfield></datafield></record></collection>